%YAML 1.1
%TAG !u! tag:unity3d.com,2011:
--- !u!1 &5409576332144982039
GameObject:
  m_ObjectHideFlags: 0
  m_CorrespondingSourceObject: {fileID: 0}
  m_PrefabInstance: {fileID: 0}
  m_PrefabAsset: {fileID: 0}
  serializedVersion: 6
  m_Component:
  - component: {fileID: 7484988932589855030}
  m_Layer: 0
  m_Name: LockEntity
  m_TagString: Untagged
  m_Icon: {fileID: 0}
  m_NavMeshLayer: 0
  m_StaticEditorFlags: 0
  m_IsActive: 1
--- !u!4 &7484988932589855030
Transform:
  m_ObjectHideFlags: 0
  m_CorrespondingSourceObject: {fileID: 0}
  m_PrefabInstance: {fileID: 0}
  m_PrefabAsset: {fileID: 0}
  m_GameObject: {fileID: 5409576332144982039}
  m_LocalRotation: {x: 0, y: 0, z: 0, w: 1}
  m_LocalPosition: {x: -19.714817, y: 22.617334, z: -45.028805}
  m_LocalScale: {x: 1, y: 1, z: 1}
  m_Children:
  - {fileID: 3150164234217475033}
  - {fileID: 9120278703105851544}
  - {fileID: 8527260414400252670}
  - {fileID: 6404819924103213762}
  - {fileID: 4313339701824935790}
  m_Father: {fileID: 0}
  m_RootOrder: 0
  m_LocalEulerAnglesHint: {x: 0, y: 0, z: 0}
--- !u!1001 &1359880489660768161
PrefabInstance:
  m_ObjectHideFlags: 0
  serializedVersion: 2
  m_Modification:
    m_TransformParent: {fileID: 7484988932589855030}
    m_Modifications:
    - target: {fileID: 7447675994784429444, guid: 31ba41d754de27e45b44c7a5cfacfe89,
        type: 3}
      propertyPath: m_Name
      value: lb
      objectReference: {fileID: 0}
    - target: {fileID: 5349495501554380131, guid: 31ba41d754de27e45b44c7a5cfacfe89,
        type: 3}
      propertyPath: m_LocalPosition.x
      value: 8.674817
      objectReference: {fileID: 0}
    - target: {fileID: 5349495501554380131, guid: 31ba41d754de27e45b44c7a5cfacfe89,
        type: 3}
      propertyPath: m_LocalPosition.y
      value: -1.4973354
      objectReference: {fileID: 0}
    - target: {fileID: 5349495501554380131, guid: 31ba41d754de27e45b44c7a5cfacfe89,
        type: 3}
      propertyPath: m_LocalPosition.z
      value: 2.0588074
      objectReference: {fileID: 0}
    - target: {fileID: 5349495501554380131, guid: 31ba41d754de27e45b44c7a5cfacfe89,
        type: 3}
      propertyPath: m_LocalRotation.x
      value: -0
      objectReference: {fileID: 0}
    - target: {fileID: 5349495501554380131, guid: 31ba41d754de27e45b44c7a5cfacfe89,
        type: 3}
      propertyPath: m_LocalRotation.y
      value: -0
      objectReference: {fileID: 0}
    - target: {fileID: 5349495501554380131, guid: 31ba41d754de27e45b44c7a5cfacfe89,
        type: 3}
      propertyPath: m_LocalRotation.z
      value: -0
      objectReference: {fileID: 0}
    - target: {fileID: 5349495501554380131, guid: 31ba41d754de27e45b44c7a5cfacfe89,
        type: 3}
      propertyPath: m_LocalRotation.w
      value: 1
      objectReference: {fileID: 0}
    - target: {fileID: 5349495501554380131, guid: 31ba41d754de27e45b44c7a5cfacfe89,
        type: 3}
      propertyPath: m_RootOrder
      value: 3
      objectReference: {fileID: 0}
    - target: {fileID: 5349495501554380131, guid: 31ba41d754de27e45b44c7a5cfacfe89,
        type: 3}
      propertyPath: m_LocalEulerAnglesHint.x
      value: 0
      objectReference: {fileID: 0}
    - target: {fileID: 5349495501554380131, guid: 31ba41d754de27e45b44c7a5cfacfe89,
        type: 3}
      propertyPath: m_LocalEulerAnglesHint.y
      value: 0
      objectReference: {fileID: 0}
    - target: {fileID: 5349495501554380131, guid: 31ba41d754de27e45b44c7a5cfacfe89,
        type: 3}
      propertyPath: m_LocalEulerAnglesHint.z
      value: 0
      objectReference: {fileID: 0}
    m_RemovedComponents: []
  m_SourcePrefab: {fileID: 100100000, guid: 31ba41d754de27e45b44c7a5cfacfe89, type: 3}
--- !u!4 &6404819924103213762 stripped
Transform:
  m_CorrespondingSourceObject: {fileID: 5349495501554380131, guid: 31ba41d754de27e45b44c7a5cfacfe89,
    type: 3}
  m_PrefabInstance: {fileID: 1359880489660768161}
  m_PrefabAsset: {fileID: 0}
--- !u!1001 &1390868805858949788
PrefabInstance:
  m_ObjectHideFlags: 0
  serializedVersion: 2
  m_Modification:
    m_TransformParent: {fileID: 7484988932589855030}
    m_Modifications:
    - target: {fileID: 8042854988519588919, guid: 3e15c48fe21c58748a9dc33d303f6941,
        type: 3}
      propertyPath: m_Name
      value: rb
      objectReference: {fileID: 0}
    - target: {fileID: 7285612422226194530, guid: 3e15c48fe21c58748a9dc33d303f6941,
        type: 3}
      propertyPath: m_LocalPosition.x
      value: 8.674817
      objectReference: {fileID: 0}
    - target: {fileID: 7285612422226194530, guid: 3e15c48fe21c58748a9dc33d303f6941,
        type: 3}
      propertyPath: m_LocalPosition.y
      value: -1.5273342
      objectReference: {fileID: 0}
    - target: {fileID: 7285612422226194530, guid: 3e15c48fe21c58748a9dc33d303f6941,
        type: 3}
      propertyPath: m_LocalPosition.z
      value: 4.0088043
      objectReference: {fileID: 0}
    - target: {fileID: 7285612422226194530, guid: 3e15c48fe21c58748a9dc33d303f6941,
        type: 3}
      propertyPath: m_LocalRotation.x
      value: -0
      objectReference: {fileID: 0}
    - target: {fileID: 7285612422226194530, guid: 3e15c48fe21c58748a9dc33d303f6941,
        type: 3}
      propertyPath: m_LocalRotation.y
      value: -0
      objectReference: {fileID: 0}
    - target: {fileID: 7285612422226194530, guid: 3e15c48fe21c58748a9dc33d303f6941,
        type: 3}
      propertyPath: m_LocalRotation.z
      value: -0
      objectReference: {fileID: 0}
    - target: {fileID: 7285612422226194530, guid: 3e15c48fe21c58748a9dc33d303f6941,
        type: 3}
      propertyPath: m_LocalRotation.w
      value: 1
      objectReference: {fileID: 0}
    - target: {fileID: 7285612422226194530, guid: 3e15c48fe21c58748a9dc33d303f6941,
        type: 3}
      propertyPath: m_RootOrder
      value: 2
      objectReference: {fileID: 0}
    - target: {fileID: 7285612422226194530, guid: 3e15c48fe21c58748a9dc33d303f6941,
        type: 3}
      propertyPath: m_LocalEulerAnglesHint.x
      value: 0
      objectReference: {fileID: 0}
    - target: {fileID: 7285612422226194530, guid: 3e15c48fe21c58748a9dc33d303f6941,
        type: 3}
      propertyPath: m_LocalEulerAnglesHint.y
      value: 0
      objectReference: {fileID: 0}
    - target: {fileID: 7285612422226194530, guid: 3e15c48fe21c58748a9dc33d303f6941,
        type: 3}
      propertyPath: m_LocalEulerAnglesHint.z
      value: 0
      objectReference: {fileID: 0}
    m_RemovedComponents: []
  m_SourcePrefab: {fileID: 100100000, guid: 3e15c48fe21c58748a9dc33d303f6941, type: 3}
--- !u!4 &8527260414400252670 stripped
Transform:
  m_CorrespondingSourceObject: {fileID: 7285612422226194530, guid: 3e15c48fe21c58748a9dc33d303f6941,
    type: 3}
  m_PrefabInstance: {fileID: 1390868805858949788}
  m_PrefabAsset: {fileID: 0}
--- !u!1001 &4945823861381091746
PrefabInstance:
  m_ObjectHideFlags: 0
  serializedVersion: 2
  m_Modification:
    m_TransformParent: {fileID: 7484988932589855030}
    m_Modifications:
    - target: {fileID: 3372201597356732884, guid: 503a9dbecd886aa488caafa810fa45e8,
        type: 3}
      propertyPath: m_Name
      value: lock
      objectReference: {fileID: 0}
    - target: {fileID: 4193596385689997626, guid: 503a9dbecd886aa488caafa810fa45e8,
        type: 3}
      propertyPath: m_LocalPosition.x
      value: 8.814817
      objectReference: {fileID: 0}
    - target: {fileID: 4193596385689997626, guid: 503a9dbecd886aa488caafa810fa45e8,
        type: 3}
      propertyPath: m_LocalPosition.y
      value: -0.080415726
      objectReference: {fileID: 0}
    - target: {fileID: 4193596385689997626, guid: 503a9dbecd886aa488caafa810fa45e8,
        type: 3}
      propertyPath: m_LocalPosition.z
      value: 3.0416183
      objectReference: {fileID: 0}
    - target: {fileID: 4193596385689997626, guid: 503a9dbecd886aa488caafa810fa45e8,
        type: 3}
      propertyPath: m_LocalRotation.x
      value: -0
      objectReference: {fileID: 0}
    - target: {fileID: 4193596385689997626, guid: 503a9dbecd886aa488caafa810fa45e8,
        type: 3}
      propertyPath: m_LocalRotation.y
      value: -0
      objectReference: {fileID: 0}
    - target: {fileID: 4193596385689997626, guid: 503a9dbecd886aa488caafa810fa45e8,
        type: 3}
      propertyPath: m_LocalRotation.z
      value: -0.70710576
      objectReference: {fileID: 0}
    - target: {fileID: 4193596385689997626, guid: 503a9dbecd886aa488caafa810fa45e8,
        type: 3}
      propertyPath: m_LocalRotation.w
      value: 0.70710784
      objectReference: {fileID: 0}
    - target: {fileID: 4193596385689997626, guid: 503a9dbecd886aa488caafa810fa45e8,
        type: 3}
      propertyPath: m_RootOrder
      value: 1
      objectReference: {fileID: 0}
    - target: {fileID: 4193596385689997626, guid: 503a9dbecd886aa488caafa810fa45e8,
        type: 3}
      propertyPath: m_LocalEulerAnglesHint.x
      value: 0
      objectReference: {fileID: 0}
    - target: {fileID: 4193596385689997626, guid: 503a9dbecd886aa488caafa810fa45e8,
        type: 3}
      propertyPath: m_LocalEulerAnglesHint.y
      value: 0
      objectReference: {fileID: 0}
    - target: {fileID: 4193596385689997626, guid: 503a9dbecd886aa488caafa810fa45e8,
        type: 3}
      propertyPath: m_LocalEulerAnglesHint.z
      value: -90.00001
      objectReference: {fileID: 0}
    m_RemovedComponents: []
  m_SourcePrefab: {fileID: 100100000, guid: 503a9dbecd886aa488caafa810fa45e8, type: 3}
--- !u!4 &9120278703105851544 stripped
Transform:
  m_CorrespondingSourceObject: {fileID: 4193596385689997626, guid: 503a9dbecd886aa488caafa810fa45e8,
    type: 3}
  m_PrefabInstance: {fileID: 4945823861381091746}
  m_PrefabAsset: {fileID: 0}
--- !u!1001 &5358290882850577126
PrefabInstance:
  m_ObjectHideFlags: 0
  serializedVersion: 2
  m_Modification:
    m_TransformParent: {fileID: 7484988932589855030}
    m_Modifications:
    - target: {fileID: 8379459710055153534, guid: 8700b0c64306a184ca40f780da533849,
        type: 3}
      propertyPath: m_Name
      value: lt
      objectReference: {fileID: 0}
    - target: {fileID: 8178667422419029384, guid: 8700b0c64306a184ca40f780da533849,
        type: 3}
      propertyPath: m_LocalPosition.x
      value: 8.674817
      objectReference: {fileID: 0}
    - target: {fileID: 8178667422419029384, guid: 8700b0c64306a184ca40f780da533849,
        type: 3}
      propertyPath: m_LocalPosition.y
      value: 1.4126644
      objectReference: {fileID: 0}
    - target: {fileID: 8178667422419029384, guid: 8700b0c64306a184ca40f780da533849,
        type: 3}
      propertyPath: m_LocalPosition.z
      value: 2.0588074
      objectReference: {fileID: 0}
    - target: {fileID: 8178667422419029384, guid: 8700b0c64306a184ca40f780da533849,
        type: 3}
      propertyPath: m_LocalRotation.x
      value: -0
      objectReference: {fileID: 0}
    - target: {fileID: 8178667422419029384, guid: 8700b0c64306a184ca40f780da533849,
        type: 3}
      propertyPath: m_LocalRotation.y
      value: -0
      objectReference: {fileID: 0}
    - target: {fileID: 8178667422419029384, guid: 8700b0c64306a184ca40f780da533849,
        type: 3}
      propertyPath: m_LocalRotation.z
      value: -0
      objectReference: {fileID: 0}
    - target: {fileID: 8178667422419029384, guid: 8700b0c64306a184ca40f780da533849,
        type: 3}
      propertyPath: m_LocalRotation.w
      value: 1
      objectReference: {fileID: 0}
    - target: {fileID: 8178667422419029384, guid: 8700b0c64306a184ca40f780da533849,
        type: 3}
      propertyPath: m_RootOrder
      value: 4
      objectReference: {fileID: 0}
    - target: {fileID: 8178667422419029384, guid: 8700b0c64306a184ca40f780da533849,
        type: 3}
      propertyPath: m_LocalEulerAnglesHint.x
      value: 0
      objectReference: {fileID: 0}
    - target: {fileID: 8178667422419029384, guid: 8700b0c64306a184ca40f780da533849,
        type: 3}
      propertyPath: m_LocalEulerAnglesHint.y
      value: 0
      objectReference: {fileID: 0}
    - target: {fileID: 8178667422419029384, guid: 8700b0c64306a184ca40f780da533849,
        type: 3}
      propertyPath: m_LocalEulerAnglesHint.z
      value: 0
      objectReference: {fileID: 0}
    m_RemovedComponents: []
  m_SourcePrefab: {fileID: 100100000, guid: 8700b0c64306a184ca40f780da533849, type: 3}
--- !u!4 &4313339701824935790 stripped
Transform:
  m_CorrespondingSourceObject: {fileID: 8178667422419029384, guid: 8700b0c64306a184ca40f780da533849,
    type: 3}
  m_PrefabInstance: {fileID: 5358290882850577126}
  m_PrefabAsset: {fileID: 0}
--- !u!1001 &8920623290956885885
PrefabInstance:
  m_ObjectHideFlags: 0
  serializedVersion: 2
  m_Modification:
    m_TransformParent: {fileID: 7484988932589855030}
    m_Modifications:
    - target: {fileID: 4706665012016911400, guid: 25125cd6c8f8a054abf598487e05702f,
        type: 3}
      propertyPath: m_Name
      value: rt
      objectReference: {fileID: 0}
    - target: {fileID: 5799451256504444068, guid: 25125cd6c8f8a054abf598487e05702f,
        type: 3}
      propertyPath: m_LocalPosition.x
      value: 8.674817
      objectReference: {fileID: 0}
    - target: {fileID: 5799451256504444068, guid: 25125cd6c8f8a054abf598487e05702f,
        type: 3}
      propertyPath: m_LocalPosition.y
      value: 1.4126644
      objectReference: {fileID: 0}
    - target: {fileID: 5799451256504444068, guid: 25125cd6c8f8a054abf598487e05702f,
        type: 3}
      propertyPath: m_LocalPosition.z
      value: 4.088806
      objectReference: {fileID: 0}
    - target: {fileID: 5799451256504444068, guid: 25125cd6c8f8a054abf598487e05702f,
        type: 3}
      propertyPath: m_LocalRotation.x
      value: -0
      objectReference: {fileID: 0}
    - target: {fileID: 5799451256504444068, guid: 25125cd6c8f8a054abf598487e05702f,
        type: 3}
      propertyPath: m_LocalRotation.y
      value: -0
      objectReference: {fileID: 0}
    - target: {fileID: 5799451256504444068, guid: 25125cd6c8f8a054abf598487e05702f,
        type: 3}
      propertyPath: m_LocalRotation.z
      value: -0
      objectReference: {fileID: 0}
    - target: {fileID: 5799451256504444068, guid: 25125cd6c8f8a054abf598487e05702f,
        type: 3}
      propertyPath: m_LocalRotation.w
      value: 1
      objectReference: {fileID: 0}
    - target: {fileID: 5799451256504444068, guid: 25125cd6c8f8a054abf598487e05702f,
        type: 3}
      propertyPath: m_RootOrder
      value: 0
      objectReference: {fileID: 0}
    - target: {fileID: 5799451256504444068, guid: 25125cd6c8f8a054abf598487e05702f,
        type: 3}
      propertyPath: m_LocalEulerAnglesHint.x
      value: 0
      objectReference: {fileID: 0}
    - target: {fileID: 5799451256504444068, guid: 25125cd6c8f8a054abf598487e05702f,
        type: 3}
      propertyPath: m_LocalEulerAnglesHint.y
      value: 0
      objectReference: {fileID: 0}
    - target: {fileID: 5799451256504444068, guid: 25125cd6c8f8a054abf598487e05702f,
        type: 3}
      propertyPath: m_LocalEulerAnglesHint.z
      value: 0
      objectReference: {fileID: 0}
    m_RemovedComponents: []
  m_SourcePrefab: {fileID: 100100000, guid: 25125cd6c8f8a054abf598487e05702f, type: 3}
--- !u!4 &3150164234217475033 stripped
Transform:
  m_CorrespondingSourceObject: {fileID: 5799451256504444068, guid: 25125cd6c8f8a054abf598487e05702f,
    type: 3}
  m_PrefabInstance: {fileID: 8920623290956885885}
  m_PrefabAsset: {fileID: 0}
