%YAML 1.1
%TAG !u! tag:unity3d.com,2011:
--- !u!1 &2330632797914346766
GameObject:
  m_ObjectHideFlags: 0
  m_CorrespondingSourceObject: {fileID: 0}
  m_PrefabInstance: {fileID: 0}
  m_PrefabAsset: {fileID: 0}
  serializedVersion: 6
  m_Component:
  - component: {fileID: 5006388090936800751}
  - component: {fileID: 8656214950165504237}
  - component: {fileID: 7204849928337011339}
  - component: {fileID: 5673098350301341910}
  - component: {fileID: 533769240036793999}
  m_Layer: 0
  m_Name: Room1-4
  m_TagString: Untagged
  m_Icon: {fileID: 0}
  m_NavMeshLayer: 0
  m_StaticEditorFlags: 127
  m_IsActive: 1
--- !u!4 &5006388090936800751
Transform:
  m_ObjectHideFlags: 0
  m_CorrespondingSourceObject: {fileID: 0}
  m_PrefabInstance: {fileID: 0}
  m_PrefabAsset: {fileID: 0}
  m_GameObject: {fileID: 2330632797914346766}
  m_LocalRotation: {x: -0, y: -0, z: -0, w: 1}
  m_LocalPosition: {x: 18.639717, y: -6.028994, z: 14.843456}
  m_LocalScale: {x: 1, y: 1, z: 1}
  m_Children: []
  m_Father: {fileID: 0}
  m_RootOrder: 0
  m_LocalEulerAnglesHint: {x: 0, y: 0, z: 0}
--- !u!114 &8656214950165504237
MonoBehaviour:
  m_ObjectHideFlags: 0
  m_CorrespondingSourceObject: {fileID: 0}
  m_PrefabInstance: {fileID: 0}
  m_PrefabAsset: {fileID: 0}
  m_GameObject: {fileID: 2330632797914346766}
  m_Enabled: 1
  m_EditorHideFlags: 0
  m_Script: {fileID: 11500000, guid: bb977b126bc1b4f15813dcf9da9bb600, type: 3}
  m_Name: 
  m_EditorClassIdentifier: 
  m_Points:
  - {x: -0, y: 0, z: -0}
  - {x: 0, y: 0, z: -20}
  - {x: 10, y: 0, z: -20}
  - {x: 10, y: 0, z: 0}
  m_Extrude: 5
  m_EditMode: 0
  m_FlipNormals: 0
  isOnGrid: 1
--- !u!33 &7204849928337011339
MeshFilter:
  m_ObjectHideFlags: 0
  m_CorrespondingSourceObject: {fileID: 0}
  m_PrefabInstance: {fileID: 0}
  m_PrefabAsset: {fileID: 0}
  m_GameObject: {fileID: 2330632797914346766}
  m_Mesh: {fileID: 4300000, guid: 17a3c8254b69d924b912dd606a281aa7, type: 2}
--- !u!23 &5673098350301341910
MeshRenderer:
  m_ObjectHideFlags: 0
  m_CorrespondingSourceObject: {fileID: 0}
  m_PrefabInstance: {fileID: 0}
  m_PrefabAsset: {fileID: 0}
  m_GameObject: {fileID: 2330632797914346766}
  m_Enabled: 1
  m_CastShadows: 2
  m_ReceiveShadows: 1
  m_DynamicOccludee: 1
  m_MotionVectors: 1
  m_LightProbeUsage: 1
  m_ReflectionProbeUsage: 1
  m_RenderingLayerMask: 1
  m_RendererPriority: 0
  m_Materials:
  - {fileID: 2100000, guid: c22777d6e868e4f2fb421913386b154e, type: 2}
  - {fileID: 2100000, guid: 4fc991acf74a7bd44a1e012a25b2172c, type: 2}
  - {fileID: 2100000, guid: 7ca3735d7eda0b947b07bbe7b509e468, type: 2}
  - {fileID: 2100000, guid: e44a95f507e82bb4eb17c6a50c2c2ed3, type: 2}
  - {fileID: 2100000, guid: 31c2cdcc5146db142bf3cf49f7ebd6db, type: 2}
  - {fileID: 2100000, guid: 5e87b772ebefdec4387a1cb3ac486c3c, type: 2}
  - {fileID: 2100000, guid: 646b947479ef6e74bbe3d12e7f827dad, type: 2}
  - {fileID: 2100000, guid: fb7338f0900c7604a9f6f521abfa41f2, type: 2}
  m_StaticBatchInfo:
    firstSubMesh: 0
    subMeshCount: 0
  m_StaticBatchRoot: {fileID: 0}
  m_ProbeAnchor: {fileID: 0}
  m_LightProbeVolumeOverride: {fileID: 0}
  m_ScaleInLightmap: 1
  m_PreserveUVs: 0
  m_IgnoreNormalsForChartDetection: 0
  m_ImportantGI: 0
  m_StitchLightmapSeams: 0
  m_SelectedEditorRenderState: 2
  m_MinimumChartSize: 4
  m_AutoUVMaxDistance: 0.5
  m_AutoUVMaxAngle: 89
  m_LightmapParameters: {fileID: 0}
  m_SortingLayerID: 0
  m_SortingLayer: 0
  m_SortingOrder: 0
--- !u!64 &533769240036793999
MeshCollider:
  m_ObjectHideFlags: 0
  m_CorrespondingSourceObject: {fileID: 0}
  m_PrefabInstance: {fileID: 0}
  m_PrefabAsset: {fileID: 0}
  m_GameObject: {fileID: 2330632797914346766}
  m_Material: {fileID: 0}
  m_IsTrigger: 0
  m_Enabled: 1
  serializedVersion: 3
  m_Convex: 0
  m_CookingOptions: 14
  m_Mesh: {fileID: 4300000, guid: 17a3c8254b69d924b912dd606a281aa7, type: 2}
